<?xml version='1.0' encoding='utf-8'?>
<record xmlns="http://www.loc.gov/MARC21/slim" xmlns:xsi="http://www.w3.org/2001/XMLSchema-instance">
  <leader>00000cgmaa2200397^a^4500</leader>
  <controlfield tag="001">005958933</controlfield>
  <controlfield tag="005">20090309131633.0</controlfield>
  <controlfield tag="007">vd^bv||zn</controlfield>
  <controlfield tag="008">090309r200u1919cau050^^^^^^^^^^^^vleng^d</controlfield>
  <datafield tag="035" ind1=" " ind2=" ">
    <subfield code="a">(OCoLC)313373917</subfield>
  </datafield>
  <datafield tag="035" ind1=" " ind2=" ">
    <subfield code="a">(OCoLC)ocn313373917</subfield>
  </datafield>
  <datafield tag="040" ind1=" " ind2=" ">
    <subfield code="a">BEU</subfield>
    <subfield code="c">BEU</subfield>
    <subfield code="e">gihc</subfield>
    <subfield code="d">BEU</subfield>
  </datafield>
  <datafield tag="049" ind1=" " ind2=" ">
    <subfield code="a">BEUA</subfield>
  </datafield>
  <datafield tag="245" ind1="0" ind2="0">
    <subfield code="a">339th Inf. Regt. in Russia WWI 1918-1919</subfield>
    <subfield code="h">[videorecording].</subfield>
  </datafield>
  <datafield tag="246" ind1="3" ind2=" ">
    <subfield code="a">339th Infantry Regiment in Russia, World War I, 1918-1919</subfield>
  </datafield>
  <datafield tag="260" ind1=" " ind2=" ">
    <subfield code="a">[Julian, Calif.] :</subfield>
    <subfield code="b">Traditions Military Video,</subfield>
    <subfield code="c">[200-?]</subfield>
  </datafield>
  <datafield tag="300" ind1=" " ind2=" ">
    <subfield code="a">1 DVD-video :</subfield>
    <subfield code="b">si., b&amp;w ;</subfield>
    <subfield code="c">4 ³/₄ in.</subfield>
  </datafield>
  <datafield tag="500" ind1=" " ind2=" ">
    <subfield code="a">Reproduction of a film held by the National Archives and Records Administration, Record Group 111, records of the Office of the Chief Signal Officer, 1860-1982; Series: Historical films, compiled ca. 1914-ca. 1936; Historical Film no. 1227; produced 1936 from footage made 1918-1919.</subfield>
  </datafield>
  <datafield tag="520" ind1=" " ind2=" ">
    <subfield code="a">This video includes scenes from American Expeditionary Force North Russia (AEFNR) expedition, a contingent of about 5,000 U.S. troops who landed in Arkhangelsk, Russia and fought the Bolshevik forces in the surrounding region during the period of September 1918 through July 1919. This expedition was part of a larger foreign involvement in the Russian Civil War. This regiment, along with other units, was also known as "Detroit's Own" and "Polar Bears."</subfield>
  </datafield>
  <datafield tag="520" ind1="8" ind2=" ">
    <subfield code="a">Shows ground and aerial views of Archangel and Backoritza; city officials; U.S. troops debarking; unloading and carrying flour from the Gorfe-Castle; children delivering milk; market scenes; ceremonies at a Red Cross hospital; Bolshevik prisoners working on a road; 310th Engrs. operating a sawmill; Russians clearing farm land; and troops operating street cars. Engrs. strengthen blockhouses; telegraph lines are strung; Allied troops man trenches and patrol woods; and Russians drill with railroad guns. Gens. Ironside and Richardson decorate 339th Inf. troops. Polish troops are inspected. Troops, including the 310th Engrs., pass in review and embark for the U. S. Shows a funeral procession and Memorial Day (1919) parade in Archangel. Gens. Ironside and Richardson speak at services in an Allied cemetery. Gen. Richardson attends a picnic.</subfield>
  </datafield>
  <datafield tag="651" ind1=" " ind2="0">
    <subfield code="a">Arkhangelʹsk (Russia)</subfield>
  </datafield>
  <datafield tag="650" ind1=" " ind2="7">
    <subfield code="a">Campaigns and battles</subfield>
    <subfield code="z">Soviet Union.</subfield>
    <subfield code="2">lctgm</subfield>
  </datafield>
  <datafield tag="650" ind1=" " ind2="7">
    <subfield code="a">Funeral processions.</subfield>
    <subfield code="2">lctgm</subfield>
  </datafield>
  <datafield tag="600" ind1="1" ind2="0">
    <subfield code="a">Ironside, Edmund,</subfield>
    <subfield code="c">Sir,</subfield>
    <subfield code="d">1880-1959.</subfield>
  </datafield>
  <datafield tag="650" ind1=" " ind2="7">
    <subfield code="a">Military art and science.</subfield>
    <subfield code="2">lctgm</subfield>
  </datafield>
  <datafield tag="650" ind1=" " ind2="7">
    <subfield code="a">Military life.</subfield>
    <subfield code="2">lctgm</subfield>
  </datafield>
  <datafield tag="650" ind1=" " ind2="7">
    <subfield code="a">Military parades and ceremonies.</subfield>
    <subfield code="2">lctgm</subfield>
  </datafield>
  <datafield tag="600" ind1="1" ind2="0">
    <subfield code="a">Richardson, Wilds Preston.</subfield>
  </datafield>
  <datafield tag="650" ind1=" " ind2="7">
    <subfield code="a">Ships.</subfield>
    <subfield code="2">lctgm</subfield>
  </datafield>
  <datafield tag="650" ind1=" " ind2="7">
    <subfield code="a">Soldiers</subfield>
    <subfield code="x">American</subfield>
    <subfield code="z">Soviet Union.</subfield>
    <subfield code="2">lctgm</subfield>
  </datafield>
  <datafield tag="651" ind1=" " ind2="0">
    <subfield code="a">Soviet Union</subfield>
    <subfield code="x">History</subfield>
    <subfield code="y">Allied intervention, 1918-1920.</subfield>
  </datafield>
  <datafield tag="610" ind1="1" ind2="0">
    <subfield code="a">United States.</subfield>
    <subfield code="b">Army.</subfield>
    <subfield code="b">Infantry, 339th.</subfield>
  </datafield>
  <datafield tag="610" ind1="1" ind2="0">
    <subfield code="a">United States.</subfield>
    <subfield code="b">Army.</subfield>
    <subfield code="b">Engineer Regiment, 310th.</subfield>
  </datafield>
  <datafield tag="690" ind1=" " ind2="4">
    <subfield code="a">Polar Bear Expedition.</subfield>
  </datafield>
  <datafield tag="655" ind1=" " ind2="7">
    <subfield code="a">DVDs.</subfield>
    <subfield code="2">aat</subfield>
  </datafield>
  <datafield tag="852" ind1="8" ind2=" ">
    <subfield code="a">MiU-H</subfield>
    <subfield code="b">BENT</subfield>
    <subfield code="h">2009048 Aa 2</subfield>
  </datafield>
  <datafield tag="945" ind1=" " ind2=" ">
    <subfield code="a">5958933</subfield>
  </datafield>
  <datafield tag="997" ind1=" " ind2=" ">
    <subfield code="a">MARS</subfield>
  </datafield>
  <datafield tag="998" ind1=" " ind2=" ">
    <subfield code="c">LAC</subfield>
  </datafield>
  <datafield tag="955" ind1=" " ind2=" ">
    <subfield code="b">BENT</subfield>
    <subfield code="p">B3351433</subfield>
  </datafield>
</record>
